<record><leader>00000cas a2200000 a 4500</leader><controlfield tag="001">45442658</controlfield><controlfield tag="008">001129d19uu19uucauwr ne      0    0eng c</controlfield><datafield ind1=" " ind2=" " tag="010"><subfield code="a">sn 00060669 </subfield></datafield><datafield ind1=" " ind2=" " tag="040"><subfield code="a">CNK</subfield><subfield code="b">eng</subfield><subfield code="c">CNK</subfield><subfield code="d">OCLCQ</subfield><subfield code="d">OCLCF</subfield><subfield code="d">OCLCO</subfield></datafield><datafield ind1="1" ind2=" " tag="029"><subfield code="a">AU@</subfield><subfield code="b">000022106394</subfield></datafield><datafield ind1=" " ind2=" " tag="042"><subfield code="a">pcc</subfield></datafield><datafield ind1=" " ind2=" " tag="043"><subfield code="a">n-us-ca</subfield></datafield><datafield ind1="0" ind2=" " tag="130"><subfield code="a">Hesperia gazette (Victorville, Calif.)</subfield></datafield><datafield ind1="1" ind2="0" tag="245"><subfield code="a">Hesperia gazette.</subfield></datafield><datafield ind1="1" ind2="3" tag="246"><subfield code="a">Victor press and the Hesperia gazette</subfield></datafield><datafield ind1="1" ind2="7" tag="246"><subfield code="a">Victor press</subfield></datafield><datafield ind1=" " ind2=" " tag="260"><subfield code="a">Victorville, Calif. :</subfield><subfield code="b">Victor Press</subfield></datafield><datafield ind1=" " ind2=" " tag="300"><subfield code="a">v.</subfield></datafield><datafield ind1=" " ind2=" " tag="310"><subfield code="a">Weekly</subfield></datafield><datafield ind1=" " ind2=" " tag="588"><subfield code="a">Description based on: Dec. 20, 1956.</subfield></datafield><datafield ind1=" " ind2="0" tag="651"><subfield code="a">Hesperia (Calif.)</subfield><subfield code="v">Newspapers.</subfield></datafield><datafield ind1=" " ind2="0" tag="651"><subfield code="a">Victorville (Calif.)</subfield><subfield code="v">Newspapers.</subfield></datafield><datafield ind1=" " ind2="7" tag="655"><subfield code="a">Newspapers.</subfield><subfield code="2">fast</subfield><subfield code="0">(OCoLC)fst01423814</subfield></datafield><datafield ind1=" " ind2="7" tag="651"><subfield code="a">California</subfield><subfield code="z">Hesperia.</subfield><subfield code="2">fast</subfield><subfield code="0">(OCoLC)fst01217494</subfield></datafield><datafield ind1=" " ind2="7" tag="651"><subfield code="a">California</subfield><subfield code="z">Victorville.</subfield><subfield code="2">fast</subfield><subfield code="0">(OCoLC)fst01222722</subfield></datafield><datafield ind1=" " ind2=" " tag="752"><subfield code="a">United States</subfield><subfield code="b">California</subfield><subfield code="c">San Bernardino</subfield><subfield code="d">Victorville.</subfield></datafield></record>